@article{laracinisomo,
	author		= "Vincent Lara-Cinisomo",
	title 		= "Evan Williams, Twitter's Largest Shareholder, Looks to Make \$1.5B Off IPO",
	journal 	= "Silicon Valley Business Journal",
    month           = sep,
	year			= 2013,
    url             = {http://www.bizjournals.com/sanjose/news/2013/09/26/twitter-co-founder-is-biggest.html},
}
