@inproceedings{broder2000,
	author		= "Andrew Broder and Ravi Kumar and Farzin Maghoul and Prabhakar Raghavan and Sridhar Rajagopalan and Raymie Stata and Andrew Tomkins and Janet Wiener",
	title 		= "Graph structure in the web",
	booktitle 	= "Ninth International World Wide Web Conference",	
	year			= "2000",
}