@ONLINE{wikiforce,
    author      = "Mike Bostock",
    title       = "Force Layout - mbostock/d3 Wiki - GitHub",
    month       = oct,
    year        = 2013,
    howpublished = "\url{https://github.com/mbostock/d3/wiki/Force-Layout}",
}

@ONLINE{selections,
    author      = "Mike Bostock",
    title       = "Selections - mbostock/d3 Wiki - GitHub",
    month       = nov,
    year        = 2013,
   howpublished = "\url{https://github.com/mbostock/d3/wiki/Selections}",
}
