@ONLINE{worldwidewebsize,
    author      = "Maurice de Kunder",
    title       = "World Wide Web Size: Daily Estimated Size of the World Wide Web",
    month       = oct,
    year        = 2013,
    url         = {http://www.worldwidewebsize.com},
}

@ONLINE{euler,
    author      = {William Euler},
    title       = {Significant figures when using logs},
    month       = feb,
    year        = 2005,
    url         = {http://bilbo.chm.uri.edu/CHM112/lectures/logsigfigs.htm}
}
