%% This BibTeX bibliography file was created using BibDesk.
%% http://bibdesk.sourceforge.net/


%% Created for Shawn Jones at 2013-12-04 09:51:59 -0500 


%% Saved with string encoding Unicode (UTF-8) 



@book{pci,
	Address = {O'Reilly Media, Inc., 1005 Gravenstein Highway North, Sebastopol, CA 95472},
	Author = {Toby Segaran},
	Date-Added = {2013-12-04 14:44:08 +0000},
	Date-Modified = {2013-12-04 14:51:59 +0000},
	Edition = {First},
	Editor = {Mary Treseler O'Brien},
	Month = {August},
	Publisher = {O'Reilly},
	Read = {0},
	Title = {Programming Collective Intelligence},
	Year = {2007}
    }
